%% This BibTeX bibliography file was created using BibDesk.
%% http://bibdesk.sourceforge.net/


%% Created for Matteo Sammartino at 2014-04-02 16:24:02 +0200 


%% Saved with string encoding Unicode (UTF-8) 



@article{Elgot61,
	Author = {Calvin C. Elgot },
	Date-Added = {2014-04-02 14:23:08 +0000},
	Date-Modified = {2014-04-02 14:24:02 +0000},
	Journal = {Trans. Amer. Math. Soc.},
	Number = {98},
	Pages = {21-51},
	Title = {Decision problems of finite automata design and related arithmetics},
	Year = {1961}}

@article{CianciaM10,
	Author = {Vincenzo Ciancia and Ugo Montanari},
	Date-Added = {2014-04-02 13:38:02 +0000},
	Date-Modified = {2014-04-02 13:38:02 +0000},
	Doi = {10.1016/j.ic.2009.10.007},
	Issn = {0890-5401},
	Journal = {Inf. Comput.},
	Number = {12},
	Pages = {1349 - 1367},
	Title = {Symmetries, local names and dynamic (de)-allocation of names},
	Url = {http://www.sciencedirect.com/science/article/pii/S0890540110000866},
	Volume = {208},
	Year = {2010},
	Bdsk-Url-1 = {http://www.sciencedirect.com/science/article/pii/S0890540110000866},
	Bdsk-Url-2 = {http://dx.doi.org/10.1016/j.ic.2009.10.007}}

@article{MontanariP05,
	Author = {Ugo Montanari and Marco Pistore},
	Bibsource = {DBLP, http://dblp.uni-trier.de},
	Date-Added = {2014-04-02 13:33:28 +0000},
	Date-Modified = {2014-04-02 13:33:28 +0000},
	Ee = {http://dx.doi.org/10.1016/j.tcs.2005.03.014},
	Journal = {Theor. Comput. Sci.},
	Number = {3},
	Pages = {539-576},
	Title = {Structured Coalgebras and Minimal HD-automata for the {$\pi$}-calculus},
	Volume = {340},
	Year = {2005}}

@article{SammartinoM14,
	Annote = {To Appear},
	Author = {Ugo Montanari and Matteo Sammartino},
	Date-Added = {2014-04-02 13:26:02 +0000},
	Date-Modified = {2014-04-02 13:26:09 +0000},
	Journal = {To appear in Theor. Comput. Sci.},
	Title = {A Network-Conscious {$\pi$}-calculus and Its Coalgebraic Semantics},
	Year = {2014}}

@article{GhaniYV04,
	Author = {Neil Ghani and Kidane Yemane and Bj{\"o}rn Victor},
	Bibsource = {DBLP, http://dblp.uni-trier.de},
	Date-Added = {2014-04-02 13:25:43 +0000},
	Date-Modified = {2014-04-02 13:25:43 +0000},
	Ee = {http://dx.doi.org/10.1016/j.entcs.2004.02.027},
	Journal = {Electr. Notes Theor. Comput. Sci.},
	Pages = {105-120},
	Title = {Relationally Staged Computations in Calculi of Mobile Processes},
	Volume = {106},
	Year = {2004}}

@article{Miculan08,
	Author = {Marino Miculan},
	Bibsource = {DBLP, http://dblp.uni-trier.de},
	Date-Added = {2014-04-02 13:24:32 +0000},
	Date-Modified = {2014-04-02 13:24:32 +0000},
	Ee = {http://dx.doi.org/10.1016/j.entcs.2008.10.017},
	Journal = {Electr. Notes Theor. Comput. Sci.},
	Pages = {275-293},
	Title = {A Categorical Model of the Fusion Calculus},
	Volume = {218},
	Year = {2008}}

@article{BonchiBCG11,
	Author = {Filippo Bonchi and Maria Grazia Buscemi and Vincenzo Ciancia and Fabio Gadducci},
	Date-Added = {2014-04-02 13:23:31 +0000},
	Date-Modified = {2014-04-02 13:23:31 +0000},
	Journal = {J. Autom. Reasoning},
	Number = {2},
	Pages = {161-183},
	Title = {A Presheaf Environment for the Explicit Fusion Calculus},
	Volume = {49},
	Year = {2012}}

@inproceedings{FioreT01,
	Author = {Marcelo P. Fiore and Daniele Turi},
	Bibsource = {DBLP, http://dblp.uni-trier.de},
	Booktitle = {LICS},
	Date-Added = {2014-04-02 13:22:52 +0000},
	Date-Modified = {2014-04-02 13:22:52 +0000},
	Ee = {http://doi.ieeecomputersociety.org/10.1109/LICS.2001.932486},
	Nocrossref = {DBLP:conf/lics/2001},
	Pages = {93-104},
	Title = {Semantics of Name and Value Passing},
	Year = {2001}}

@article{MilnerPW92,
	Author = {Robin Milner and Joachim Parrow and David Walker},
	Bibsource = {DBLP, http://dblp.uni-trier.de},
	Date-Added = {2014-04-02 13:07:15 +0000},
	Date-Modified = {2014-04-02 13:07:15 +0000},
	Journal = {Inf. Comput.},
	Number = {1},
	Pages = {1-77},
	Title = {A Calculus of Mobile Processes, I/II},
	Volume = {100},
	Year = {1992}}

@incollection{ClarkeS01,
	Author = {Edmund M. Clarke and Bernd-Holger Schlingloff},
	Booktitle = {Handbook of Automated Reasoning},
	Date-Added = {2014-04-02 13:04:26 +0000},
	Date-Modified = {2014-04-02 13:04:36 +0000},
	Pages = {1635-1790},
	Title = {Model Checking},
	Year = {2001}}

@article{Buchi60,
	Author = {Julius Richard B{\"u}chi},
	Date-Added = {2014-04-02 12:51:23 +0000},
	Date-Modified = {2014-04-02 12:51:23 +0000},
	Journal = {Z. Math. Logik Grundl. Math.},
	Pages = {66-92},
	Title = {Weak Second-Order Arithmetic and Finite Automata},
	Volume = {6},
	Year = {1960}}

@inproceedings{Buchi62,
	Author = {J. Richard B{\"u}chi},
	Booktitle = {Proceedings of the 1960 International Congress on Logic, Methodology and Philosophy of Science},
	Date-Added = {2013-10-12 09:36:33 +0000},
	Date-Modified = {2013-10-12 09:36:42 +0000},
	Pages = {1--11},
	Publisher = {Stanford University Press},
	Title = {On a decision method in restricted second order arithmetic},
	Year = {1962}}

@article{GadducciMM06,
	Author = {Fabio Gadducci and Marino Miculan and Ugo Montanari},
	Bibsource = {DBLP, http://dblp.uni-trier.de},
	Date-Added = {2013-10-11 21:10:16 +0000},
	Date-Modified = {2013-10-11 21:10:16 +0000},
	Ee = {http://dx.doi.org/10.1007/s10990-006-8749-3},
	Journal = {Higher-Order and Symbolic Computation},
	Number = {2-3},
	Pages = {283-304},
	Title = {About permutation algebras, (pre)sheaves and named sets},
	Volume = {19},
	Year = {2006}}

@inproceedings{CianciaV12,
	Author = {Vincenzo Ciancia and Yde Venema},
	Bibsource = {DBLP, http://dblp.uni-trier.de},
	Booktitle = {CMCS},
	Crossref = {DBLP:conf/cmcs/2012},
	Date-Added = {2013-10-11 20:56:18 +0000},
	Date-Modified = {2013-10-11 20:56:22 +0000},
	Ee = {http://dx.doi.org/10.1007/978-3-642-32784-1_6},
	Pages = {90-108},
	Title = {Stream Automata Are Coalgebras},
	Year = {2012}}

@proceedings{DBLP:conf/cmcs/2012,
	Bibsource = {DBLP, http://dblp.uni-trier.de},
	Booktitle = {CMCS},
	Date-Added = {2013-10-11 20:56:18 +0000},
	Date-Modified = {2013-10-11 20:56:18 +0000},
	Editor = {Dirk Pattinson and Lutz Schr{\"o}der},
	Ee = {http://dx.doi.org/10.1007/978-3-642-32784-1},
	Isbn = {978-3-642-32783-4},
	Publisher = {Springer},
	Series = {Lecture Notes in Computer Science},
	Title = {Coalgebraic Methods in Computer Science - 11th International Workshop, CMCS 2012, Colocated with ETAPS 2012, Tallinn, Estonia, March 31 - April 1, 2012, Revised Selected Papers},
	Volume = {7399},
	Year = {2012}}

@phdthesis{SammartinoPhD,
	Author = {Matteo Sammartino},
	Date-Added = {2013-10-11 20:47:36 +0000},
	Date-Modified = {2013-10-11 20:48:07 +0000},
	School = {University of Pisa},
	Title = {{A Network-Aware Process Calculus for Global Computing and its Categorical Framework}},
	Year = {2013}}

@article{CianciaKM10,
	Author = {Vincenzo Ciancia and Alexander Kurz and Ugo Montanari},
	Bibsource = {DBLP, http://dblp.uni-trier.de},
	Date-Added = {2013-10-11 20:47:19 +0000},
	Date-Modified = {2013-10-11 20:47:23 +0000},
	Ee = {http://dx.doi.org/10.1016/j.entcs.2010.07.014},
	Journal = {Electr. Notes Theor. Comput. Sci.},
	Number = {2},
	Pages = {63-81},
	Title = {Families of Symmetries as Efficient Models of Resource Binding},
	Volume = {264},
	Year = {2010}}

@phdthesis{Galliani12,
	Author = {Pietro Galliani},
	Date-Added = {2013-10-11 20:39:24 +0000},
	Date-Modified = {2013-10-11 20:39:24 +0000},
	Month = {September},
	School = {University of Amsterdam},
	Title = {The Dynamics of Imperfect Information},
	Year = {2012}}

@book{Vnnen07,
	Author = {Jouko A. V{\"a}{\"a}n{\"a}nen},
	Bibsource = {DBLP, http://dblp.uni-trier.de},
	Date-Added = {2013-10-11 20:34:40 +0000},
	Date-Modified = {2013-10-11 20:36:48 +0000},
	Ee = {http://www.cambridge.org/de/knowledge/isbn/item1164246/?site_locale=de_DE},
	Isbn = {978-0-521-70015-3},
	Pages = {I-IX, 1-225},
	Publisher = {Cambridge University Press},
	Series = {London Mathematical Society student texts},
	Title = {Dependence Logic - A New Approach to Independence Friendly Logic},
	Volume = {70},
	Year = {2007}}

@inproceedings{Bojanczyk13,
	Author = {Mikolaj Bojanczyk},
	Bibsource = {DBLP, http://dblp.uni-trier.de},
	Booktitle = {WoLLIC},
	Crossref = {DBLP:conf/wollic/2013},
	Date-Added = {2013-10-11 20:21:08 +0000},
	Date-Modified = {2013-10-11 20:21:12 +0000},
	Ee = {http://dx.doi.org/10.1007/978-3-642-39992-3_3},
	Pages = {13-28},
	Title = {Modelling Infinite Structures with Atoms},
	Year = {2013}}

@proceedings{DBLP:conf/wollic/2013,
	Bibsource = {DBLP, http://dblp.uni-trier.de},
	Booktitle = {WoLLIC},
	Date-Added = {2013-10-11 20:21:08 +0000},
	Date-Modified = {2013-10-11 20:21:08 +0000},
	Editor = {Leonid Libkin and Ulrich Kohlenbach and Ruy J. G. B. de Queiroz},
	Ee = {http://dx.doi.org/10.1007/978-3-642-39992-3},
	Isbn = {978-3-642-39991-6},
	Publisher = {Springer},
	Series = {Lecture Notes in Computer Science},
	Title = {Logic, Language, Information, and Computation - 20th International Workshop, WoLLIC 2013, Darmstadt, Germany, August 20-23, 2013. Proceedings},
	Volume = {8071},
	Year = {2013}}

@inproceedings{Bollig11,
	Author = {Benedikt Bollig},
	Bibsource = {DBLP, http://dblp.uni-trier.de},
	Booktitle = {CONCUR},
	Crossref = {DBLP:conf/concur/2011},
	Date-Added = {2013-10-09 08:44:25 +0000},
	Date-Modified = {2013-10-09 08:44:41 +0000},
	Ee = {http://dx.doi.org/10.1007/978-3-642-23217-6_12},
	Pages = {171-186},
	Title = {An Automaton over Data Words That Captures EMSO Logic},
	Year = {2011}}

@proceedings{DBLP:conf/concur/2011,
	Bibsource = {DBLP, http://dblp.uni-trier.de},
	Booktitle = {CONCUR},
	Date-Added = {2013-10-09 08:44:25 +0000},
	Date-Modified = {2013-10-09 08:44:25 +0000},
	Editor = {Joost-Pieter Katoen and Barbara K{\"o}nig},
	Ee = {http://dx.doi.org/10.1007/978-3-642-23217-6},
	Isbn = {978-3-642-23216-9},
	Publisher = {Springer},
	Series = {Lecture Notes in Computer Science},
	Title = {CONCUR 2011 - Concurrency Theory - 22nd International Conference, CONCUR 2011, Aachen, Germany, September 6-9, 2011. Proceedings},
	Volume = {6901},
	Year = {2011}}

@article{KaraT10,
	Author = {Ahmet Kara and Tony Tan},
	Bibsource = {DBLP, http://dblp.uni-trier.de},
	Date-Added = {2013-10-08 23:06:32 +0000},
	Date-Modified = {2013-10-09 00:12:14 +0000},
	Ee = {http://arxiv.org/abs/1012.5439},
	Journal = {CoRR},
	Title = {Extending B{\"u}chi Automata with Constraints on Data Values},
	Volume = {abs/1012.5439},
	Year = {2010}}

@inproceedings{KaraST12,
	Author = {Ahmet Kara and Thomas Schwentick and Tony Tan},
	Bibsource = {DBLP, http://dblp.uni-trier.de},
	Booktitle = {LATA},
	Crossref = {DBLP:conf/lata/2012},
	Date-Added = {2013-10-08 22:36:49 +0000},
	Date-Modified = {2013-10-08 22:36:53 +0000},
	Ee = {http://dx.doi.org/10.1007/978-3-642-28332-1_30},
	Pages = {351-362},
	Title = {Feasible Automata for Two-Variable Logic with Successor on Data Words},
	Year = {2012}}

@proceedings{DBLP:conf/lata/2012,
	Bibsource = {DBLP, http://dblp.uni-trier.de},
	Booktitle = {LATA},
	Date-Added = {2013-10-08 22:36:49 +0000},
	Date-Modified = {2013-10-08 22:36:49 +0000},
	Editor = {Adrian Horia Dediu and Carlos Mart\'{\i}n-Vide},
	Ee = {http://dx.doi.org/10.1007/978-3-642-28332-1},
	Isbn = {978-3-642-28331-4},
	Publisher = {Springer},
	Series = {Lecture Notes in Computer Science},
	Title = {Language and Automata Theory and Applications - 6th International Conference, LATA 2012, A Coru{\~n}a, Spain, March 5-9, 2012. Proceedings},
	Volume = {7183},
	Year = {2012}}

@article{BojanczykDMSS11,
	Author = {Mikolaj Bojanczyk and Claire David and Anca Muscholl and Thomas Schwentick and Luc Segoufin},
	Bibsource = {DBLP, http://dblp.uni-trier.de},
	Date-Added = {2013-10-08 21:50:36 +0000},
	Date-Modified = {2013-10-08 21:50:41 +0000},
	Ee = {http://doi.acm.org/10.1145/1970398.1970403},
	Journal = {ACM Trans. Comput. Log.},
	Number = {4},
	Pages = {27},
	Title = {Two-variable logic on data words},
	Volume = {12},
	Year = {2011}}

@article{Lazic11,
	Author = {Ranko Lazic},
	Bibsource = {DBLP, http://dblp.uni-trier.de},
	Date-Added = {2013-10-08 21:14:33 +0000},
	Date-Modified = {2013-10-08 21:14:37 +0000},
	Ee = {http://doi.acm.org/10.1145/1877714.1877716},
	Journal = {ACM Trans. Comput. Log.},
	Number = {2},
	Pages = {10},
	Title = {Safety alternating automata on data words},
	Volume = {12},
	Year = {2011}}

@inproceedings{GrumbergKS10,
	Author = {Orna Grumberg and Orna Kupferman and Sarai Sheinvald},
	Bibsource = {DBLP, http://dblp.uni-trier.de},
	Booktitle = {LATA},
	Crossref = {DBLP:conf/lata/2010},
	Date-Added = {2013-10-08 16:21:36 +0000},
	Date-Modified = {2013-10-08 16:21:42 +0000},
	Ee = {http://dx.doi.org/10.1007/978-3-642-13089-2_47},
	Pages = {561-572},
	Title = {Variable Automata over Infinite Alphabets},
	Year = {2010}}

@proceedings{DBLP:conf/lata/2010,
	Bibsource = {DBLP, http://dblp.uni-trier.de},
	Booktitle = {LATA},
	Date-Added = {2013-10-08 16:21:36 +0000},
	Date-Modified = {2013-10-08 16:21:36 +0000},
	Editor = {Adrian Horia Dediu and Henning Fernau and Carlos Mart\'{\i}n-Vide},
	Ee = {http://dx.doi.org/10.1007/978-3-642-13089-2},
	Isbn = {978-3-642-13088-5},
	Publisher = {Springer},
	Series = {Lecture Notes in Computer Science},
	Title = {Language and Automata Theory and Applications, 4th International Conference, LATA 2010, Trier, Germany, May 24-28, 2010. Proceedings},
	Volume = {6031},
	Year = {2010}}

@article{DemriL09,
	Author = {St{\'e}phane Demri and Ranko Lazic},
	Bibsource = {DBLP, http://dblp.uni-trier.de},
	Date-Added = {2013-10-08 16:19:56 +0000},
	Date-Modified = {2013-10-08 16:19:59 +0000},
	Ee = {http://doi.acm.org/10.1145/1507244.1507246},
	Journal = {ACM Trans. Comput. Log.},
	Number = {3},
	Title = {LTL with the freeze quantifier and register automata},
	Volume = {10},
	Year = {2009}}

@inproceedings{MullerSS86,
	Author = {David E. Muller and Ahmed Saoudi and Paul E. Schupp},
	Bibsource = {DBLP, http://dblp.uni-trier.de},
	Booktitle = {ICALP},
	Crossref = {DBLP:conf/icalp/1986},
	Date-Added = {2013-10-08 14:27:13 +0000},
	Date-Modified = {2013-10-08 14:27:19 +0000},
	Ee = {http://dx.doi.org/10.1007/3-540-16761-7_77},
	Pages = {275-283},
	Title = {Alternating Automata. The Weak Monadic Theory of the Tree, and its Complexity},
	Year = {1986}}

@proceedings{DBLP:conf/icalp/1986,
	Bibsource = {DBLP, http://dblp.uni-trier.de},
	Booktitle = {ICALP},
	Date-Added = {2013-10-08 14:27:13 +0000},
	Date-Modified = {2013-10-08 14:27:13 +0000},
	Editor = {Laurent Kott},
	Isbn = {3-540-16761-7},
	Publisher = {Springer},
	Series = {Lecture Notes in Computer Science},
	Title = {Automata, Languages and Programming, 13th International Colloquium, ICALP86, Rennes, France, July 15-19, 1986, Proceedings},
	Volume = {226},
	Year = {1986}}

@inproceedings{Arnold98,
	Author = {Andr{\'e} Arnold},
	Bibsource = {DBLP, http://dblp.uni-trier.de},
	Booktitle = {ICATPN},
	Crossref = {DBLP:conf/apn/1998},
	Date-Added = {2013-10-05 07:57:13 +0000},
	Date-Modified = {2013-10-05 07:57:18 +0000},
	Ee = {http://dx.doi.org/10.1007/3-540-69108-1_2},
	Pages = {26-27},
	Title = {Synchronized Products of Transition Systems and Their Analysis},
	Year = {1998}}

@proceedings{DBLP:conf/apn/1998,
	Bibsource = {DBLP, http://dblp.uni-trier.de},
	Booktitle = {ICATPN},
	Date-Added = {2013-10-05 07:57:13 +0000},
	Date-Modified = {2013-10-05 07:57:13 +0000},
	Editor = {J{\"o}rg Desel and Manuel Silva},
	Isbn = {3-540-64677-9},
	Publisher = {Springer},
	Series = {Lecture Notes in Computer Science},
	Title = {Application and Theory of Petri Nets 1998, 19th International Conference, ICATPN '98, Lisbon, Portugal, June 22-26, 1998, Proceedings},
	Volume = {1420},
	Year = {1998}}

@inproceedings{CalbrixNP93,
	Author = {Hugues Calbrix and Maurice Nivat and Andreas Podelski},
	Bibsource = {DBLP, http://dblp.uni-trier.de},
	Booktitle = {MFPS},
	Crossref = {DBLP:conf/mfps/1993},
	Date-Added = {2013-10-03 15:09:38 +0000},
	Date-Modified = {2013-10-03 15:09:42 +0000},
	Ee = {http://dx.doi.org/10.1007/3-540-58027-1_27},
	Pages = {554-566},
	Title = {Ultimately Periodic Words of Rational {\it w}-Languages},
	Year = {1993}}

@proceedings{DBLP:conf/mfps/1993,
	Bibsource = {DBLP, http://dblp.uni-trier.de},
	Booktitle = {MFPS},
	Date-Added = {2013-10-03 15:09:38 +0000},
	Date-Modified = {2013-10-03 15:09:38 +0000},
	Editor = {Stephen D. Brookes and Michael G. Main and Austin Melton and Michael W. Mislove and David A. Schmidt},
	Isbn = {3-540-58027-1},
	Publisher = {Springer},
	Series = {Lecture Notes in Computer Science},
	Title = {Mathematical Foundations of Programming Semantics, 9th International Conference, New Orleans, LA, USA, April 7-10, 1993, Proceedings},
	Volume = {802},
	Year = {1994}}

@incollection{CV12,
	Author = {Ciancia, Vincenzo and Venema, Yde},
	Booktitle = {Coalgebraic Methods in Computer Science},
	Doi = {10.1007/978-3-642-32784-1_6},
	Isbn = {978-3-642-32783-4},
	Pages = {90-108},
	Publisher = {Springer},
	Series = {LNCS},
	Title = {Stream Automata Are Coalgebras},
	Url = {http://dx.doi.org/10.1007/978-3-642-32784-1_6},
	Volume = {7399},
	Year = {2012},
	Bdsk-Url-1 = {http://dx.doi.org/10.1007/978-3-642-32784-1_6}}
