@incollection{CV12,
year={2012},
isbn={978-3-642-32783-4},
booktitle={Coalgebraic Methods in Computer Science},
volume={7399},
series={LNCS},
doi={10.1007/978-3-642-32784-1_6},
title={Stream Automata Are Coalgebras},
url={http://dx.doi.org/10.1007/978-3-642-32784-1_6},
publisher={Springer},
author={Ciancia, Vincenzo and Venema, Yde},
pages={90-108}
}
