%% This BibTeX bibliography file was created using BibDesk.
%% http://bibdesk.sourceforge.net/


%% Created for Matteo Sammartino at 2014-04-02 15:36:26 +0200 


%% Saved with string encoding Unicode (UTF-8) 



@inproceedings{BBKL12,
	Author = {Mikolaj Bojanczyk and Laurent Braud and Bartek Klin and Slawomir Lasota},
	Bibsource = {DBLP, http://dblp.uni-trier.de},
	Booktitle = {POPL},
	Crossref = {DBLP:conf/popl/2012},
	Ee = {http://doi.acm.org/10.1145/2103656.2103704},
	Pages = {401-412},
	Title = {Towards nominal computation},
	Year = {2012}}

@inproceedings{GC11,
	Author = {Murdoch James Gabbay and Vincenzo Ciancia},
	Bibsource = {DBLP, http://dblp.uni-trier.de},
	Booktitle = {FOSSACS},
	Crossref = {DBLP:conf/fossacs/2011},
	Ee = {http://dx.doi.org/10.1007/978-3-642-19805-2_25},
	Pages = {365-380},
	Title = {Freshness and Name-Restriction in Sets of Traces with Names},
	Year = {2011}}

@inproceedings{KST12,
	Author = {Alexander Kurz and Tomoyuki Suzuki and Emilio Tuosto},
	Bibsource = {DBLP, http://dblp.uni-trier.de},
	Booktitle = {FoSSaCS},
	Crossref = {DBLP:conf/fossacs/2012},
	Ee = {http://dx.doi.org/10.1007/978-3-642-28729-9_17},
	Pages = {255-269},
	Title = {On Nominal Regular Languages with Binders},
	Year = {2012}}

@inproceedings{BKLT13,
	Author = {Mikolaj Bojanczyk and Bartek Klin and Slawomir Lasota and Szymon Torunczyk},
	Bibsource = {DBLP, http://dblp.uni-trier.de},
	Booktitle = {LICS},
	Crossref = {DBLP:conf/lics/2013},
	Ee = {http://doi.ieeecomputersociety.org/10.1109/LICS.2013.24},
	Pages = {183-192},
	Title = {Turing Machines with Atoms},
	Year = {2013}}

@inproceedings{BojanczykKL11,
	Author = {Mikolaj Bojanczyk and Bartek Klin and Slawomir Lasota},
	Booktitle = {LICS},
	Date-Modified = {2014-04-02 13:36:26 +0000},
	Pages = {355-364},
	Title = {Automata with Group Actions},
	Year = {2011}}

@inproceedings{LP13,
	Author = {Steffen L{\"o}sch and Andrew M. Pitts},
	Bibsource = {DBLP, http://dblp.uni-trier.de},
	Booktitle = {POPL},
	Crossref = {DBLP:conf/popl/2013},
	Ee = {http://doi.acm.org/10.1145/2429069.2429073},
	Pages = {3-14},
	Title = {Full abstraction for nominal Scott domains},
	Year = {2013}}

@inproceedings{FCCTW08,
	Acmid = {1792738},
	Address = {Berlin, Heidelberg},
	Author = {Farzan, Azadeh and Chen, Yu-Fang and Clarke, Edmund M. and Tsay, Yih-Kuen and Wang, Bow-Yaw},
	Booktitle = {Proceedings of the Theory and practice of software, 14th international conference on Tools and algorithms for the construction and analysis of systems},
	Isbn = {3-540-78799-2, 978-3-540-78799-0},
	Location = {Budapest, Hungary},
	Numpages = {16},
	P<Ublisher = {Springer-Verlag},
	Pages = {2--17},
	Series = {TACAS'08/ETAPS'08},
	Title = {Extending automated compositional verification to the full class of omega-regular languages},
	Url = {http://dl.acm.org/citation.cfm?id=1792734.1792738},
	Year = {2008},
	Bdsk-Url-1 = {http://dl.acm.org/citation.cfm?id=1792734.1792738}}

@article{GP02,
	Author = {Murdoch Gabbay and Andrew M. Pitts},
	Bibsource = {DBLP, http://dblp.uni-trier.de},
	Ee = {http://dx.doi.org/10.1007/s001650200016},
	Journal = {Formal Asp. Comput.},
	Number = {3-5},
	Pages = {341-363},
	Title = {A New Approach to Abstract Syntax with Variable Binding},
	Volume = {13},
	Year = {2002}}

@inproceedings{Tze11,
	Author = {Nikos Tzevelekos},
	Bibsource = {DBLP, http://dblp.uni-trier.de},
	Booktitle = {POPL},
	Crossref = {DBLP:conf/popl/2011},
	Ee = {http://doi.acm.org/10.1145/1926385.1926420},
	Pages = {295-306},
	Title = {Fresh-register automata},
	Year = {2011}}

@article{KF94,
	Author = {Michael Kaminski and Nissim Francez},
	Bibsource = {DBLP, http://dblp.uni-trier.de},
	Ee = {http://dx.doi.org/10.1016/0304-3975(94)90242-9},
	Journal = {Theor. Comput. Sci.},
	Number = {2},
	Pages = {329-363},
	Title = {Finite-Memory Automata},
	Volume = {134},
	Year = {1994}}

@article{MPW92,
	Author = {Robin Milner and Joachim Parrow and David Walker},
	Bibsource = {DBLP, http://dblp.uni-trier.de},
	Journal = {Inf. Comput.},
	Number = {1},
	Pages = {1-40},
	Title = {A Calculus of Mobile Processes, I},
	Volume = {100},
	Year = {1992}}

@incollection{Seg06,
	Author = {Segoufin, Luc},
	Booktitle = {Computer Science Logic},
	Doi = {10.1007/11874683_3},
	Editor = {{\'E}sik, Zolt{\'a}n},
	Isbn = {978-3-540-45458-8},
	Pages = {41-57},
	Publisher = {Springer Berlin Heidelberg},
	Series = {Lecture Notes in Computer Science},
	Title = {Automata and Logics for Words and Trees over an Infinite Alphabet},
	Url = {http://dx.doi.org/10.1007/11874683_3},
	Volume = {4207},
	Year = {2006},
	Bdsk-Url-1 = {http://dx.doi.org/10.1007/11874683_3}}

@article{KaraT10,
	Author = {Ahmet Kara and Tony Tan},
	Bibsource = {DBLP, http://dblp.uni-trier.de},
	Date-Added = {2013-10-08 23:06:32 +0000},
	Date-Modified = {2013-10-09 00:12:14 +0000},
	Ee = {http://arxiv.org/abs/1012.5439},
	Journal = {CoRR},
	Title = {Extending B{\"u}chi Automata with Constraints on Data Values},
	Volume = {abs/1012.5439},
	Year = {2010}}

@inproceedings{KaraST12,
	Author = {Ahmet Kara and Thomas Schwentick and Tony Tan},
	Bibsource = {DBLP, http://dblp.uni-trier.de},
	Booktitle = {LATA},
	Crossref = {DBLP:conf/lata/2012},
	Date-Added = {2013-10-08 22:36:49 +0000},
	Date-Modified = {2013-10-08 22:36:53 +0000},
	Ee = {http://dx.doi.org/10.1007/978-3-642-28332-1_30},
	Pages = {351-362},
	Title = {Feasible Automata for Two-Variable Logic with Successor on Data Words},
	Year = {2012}}

@proceedings{DBLP:conf/lata/2012,
	Bibsource = {DBLP, http://dblp.uni-trier.de},
	Booktitle = {LATA},
	Date-Added = {2013-10-08 22:36:49 +0000},
	Date-Modified = {2013-10-08 22:36:49 +0000},
	Editor = {Adrian Horia Dediu and Carlos Mart\'{\i}n-Vide},
	Ee = {http://dx.doi.org/10.1007/978-3-642-28332-1},
	Isbn = {978-3-642-28331-4},
	Publisher = {Springer},
	Series = {Lecture Notes in Computer Science},
	Title = {Language and Automata Theory and Applications - 6th International Conference, LATA 2012, A Coru{\~n}a, Spain, March 5-9, 2012. Proceedings},
	Volume = {7183},
	Year = {2012}}

@article{BojanczykDMSS11,
	Author = {Mikolaj Bojanczyk and Claire David and Anca Muscholl and Thomas Schwentick and Luc Segoufin},
	Bibsource = {DBLP, http://dblp.uni-trier.de},
	Date-Added = {2013-10-08 21:50:36 +0000},
	Date-Modified = {2013-10-08 21:50:41 +0000},
	Ee = {http://doi.acm.org/10.1145/1970398.1970403},
	Journal = {ACM Trans. Comput. Log.},
	Number = {4},
	Pages = {27},
	Title = {Two-variable logic on data words},
	Volume = {12},
	Year = {2011}}

@article{Lazic11,
	Author = {Ranko Lazic},
	Bibsource = {DBLP, http://dblp.uni-trier.de},
	Date-Added = {2013-10-08 21:14:33 +0000},
	Date-Modified = {2013-10-08 21:14:37 +0000},
	Ee = {http://doi.acm.org/10.1145/1877714.1877716},
	Journal = {ACM Trans. Comput. Log.},
	Number = {2},
	Pages = {10},
	Title = {Safety alternating automata on data words},
	Volume = {12},
	Year = {2011}}

@inproceedings{GrumbergKS10,
	Author = {Orna Grumberg and Orna Kupferman and Sarai Sheinvald},
	Bibsource = {DBLP, http://dblp.uni-trier.de},
	Booktitle = {LATA},
	Crossref = {DBLP:conf/lata/2010},
	Date-Added = {2013-10-08 16:21:36 +0000},
	Date-Modified = {2013-10-08 16:21:42 +0000},
	Ee = {http://dx.doi.org/10.1007/978-3-642-13089-2_47},
	Pages = {561-572},
	Title = {Variable Automata over Infinite Alphabets},
	Year = {2010}}

@proceedings{DBLP:conf/lata/2010,
	Bibsource = {DBLP, http://dblp.uni-trier.de},
	Booktitle = {LATA},
	Date-Added = {2013-10-08 16:21:36 +0000},
	Date-Modified = {2013-10-08 16:21:36 +0000},
	Editor = {Adrian Horia Dediu and Henning Fernau and Carlos Mart\'{\i}n-Vide},
	Ee = {http://dx.doi.org/10.1007/978-3-642-13089-2},
	Isbn = {978-3-642-13088-5},
	Publisher = {Springer},
	Series = {Lecture Notes in Computer Science},
	Title = {Language and Automata Theory and Applications, 4th International Conference, LATA 2010, Trier, Germany, May 24-28, 2010. Proceedings},
	Volume = {6031},
	Year = {2010}}

@article{DemriL09,
	Author = {St{\'e}phane Demri and Ranko Lazic},
	Bibsource = {DBLP, http://dblp.uni-trier.de},
	Date-Added = {2013-10-08 16:19:56 +0000},
	Date-Modified = {2013-10-08 16:19:59 +0000},
	Ee = {http://doi.acm.org/10.1145/1507244.1507246},
	Journal = {ACM Trans. Comput. Log.},
	Number = {3},
	Title = {LTL with the freeze quantifier and register automata},
	Volume = {10},
	Year = {2009}}

@inproceedings{MullerSS86,
	Author = {David E. Muller and Ahmed Saoudi and Paul E. Schupp},
	Bibsource = {DBLP, http://dblp.uni-trier.de},
	Booktitle = {ICALP},
	Crossref = {DBLP:conf/icalp/1986},
	Date-Added = {2013-10-08 14:27:13 +0000},
	Date-Modified = {2013-10-08 14:27:19 +0000},
	Ee = {http://dx.doi.org/10.1007/3-540-16761-7_77},
	Pages = {275-283},
	Title = {Alternating Automata. The Weak Monadic Theory of the Tree, and its Complexity},
	Year = {1986}}

@proceedings{DBLP:conf/icalp/1986,
	Bibsource = {DBLP, http://dblp.uni-trier.de},
	Booktitle = {ICALP},
	Date-Added = {2013-10-08 14:27:13 +0000},
	Date-Modified = {2013-10-08 14:27:13 +0000},
	Editor = {Laurent Kott},
	Isbn = {3-540-16761-7},
	Publisher = {Springer},
	Series = {Lecture Notes in Computer Science},
	Title = {Automata, Languages and Programming, 13th International Colloquium, ICALP86, Rennes, France, July 15-19, 1986, Proceedings},
	Volume = {226},
	Year = {1986}}

@inproceedings{Arnold98,
	Author = {Andr{\'e} Arnold},
	Bibsource = {DBLP, http://dblp.uni-trier.de},
	Booktitle = {ICATPN},
	Crossref = {DBLP:conf/apn/1998},
	Date-Added = {2013-10-05 07:57:13 +0000},
	Date-Modified = {2013-10-05 07:57:18 +0000},
	Ee = {http://dx.doi.org/10.1007/3-540-69108-1_2},
	Pages = {26-27},
	Title = {Synchronized Products of Transition Systems and Their Analysis},
	Year = {1998}}

@proceedings{DBLP:conf/apn/1998,
	Bibsource = {DBLP, http://dblp.uni-trier.de},
	Booktitle = {ICATPN},
	Date-Added = {2013-10-05 07:57:13 +0000},
	Date-Modified = {2013-10-05 07:57:13 +0000},
	Editor = {J{\"o}rg Desel and Manuel Silva},
	Isbn = {3-540-64677-9},
	Publisher = {Springer},
	Series = {Lecture Notes in Computer Science},
	Title = {Application and Theory of Petri Nets 1998, 19th International Conference, ICATPN '98, Lisbon, Portugal, June 22-26, 1998, Proceedings},
	Volume = {1420},
	Year = {1998}}

@inproceedings{CalbrixNP93,
	Author = {Hugues Calbrix and Maurice Nivat and Andreas Podelski},
	Bibsource = {DBLP, http://dblp.uni-trier.de},
	Booktitle = {MFPS},
	Crossref = {DBLP:conf/mfps/1993},
	Date-Added = {2013-10-03 15:09:38 +0000},
	Date-Modified = {2013-10-03 15:09:42 +0000},
	Ee = {http://dx.doi.org/10.1007/3-540-58027-1_27},
	Pages = {554-566},
	Title = {Ultimately Periodic Words of Rational {\it w}-Languages},
	Year = {1993}}

@proceedings{DBLP:conf/mfps/1993,
	Bibsource = {DBLP, http://dblp.uni-trier.de},
	Booktitle = {MFPS},
	Date-Added = {2013-10-03 15:09:38 +0000},
	Date-Modified = {2013-10-03 15:09:38 +0000},
	Editor = {Stephen D. Brookes and Michael G. Main and Austin Melton and Michael W. Mislove and David A. Schmidt},
	Isbn = {3-540-58027-1},
	Publisher = {Springer},
	Series = {Lecture Notes in Computer Science},
	Title = {Mathematical Foundations of Programming Semantics, 9th International Conference, New Orleans, LA, USA, April 7-10, 1993, Proceedings},
	Volume = {802},
	Year = {1994}}

@incollection{CV12,
	Author = {Ciancia, Vincenzo and Venema, Yde},
	Booktitle = {Coalgebraic Methods in Computer Science},
	Doi = {10.1007/978-3-642-32784-1_6},
	Isbn = {978-3-642-32783-4},
	Pages = {90-108},
	Publisher = {Springer},
	Series = {LNCS},
	Title = {Stream Automata Are Coalgebras},
	Url = {http://dx.doi.org/10.1007/978-3-642-32784-1_6},
	Volume = {7399},
	Year = {2012},
	Bdsk-Url-1 = {http://dx.doi.org/10.1007/978-3-642-32784-1_6}}
